@ARTICLE{Aldous_1983,
  AUTHOR = {Aldous, David},
  PUBLISHER = {Institute of Mathematical Statistics},
  DATE = {1983-05},
  DOI = {10/d82wz3},
  ISSN = {0091-1798, 2168-894X},
  JOURNALTITLE = {Ann. Probab.},
  NUMBER = {2},
  PAGES = {403--413},
  TITLE = {Minimization algorithms and random walk on the $d$-cube},
  URLDATE = {2022-10-19},
  VOLUME = {11},
}

@ARTICLE{Bocher_1900,
  AUTHOR = {Bôcher, Maxime},
  PUBLISHER = {Annals of Mathematics},
  DATE = {1900},
  DOI = {10/bq7fvt},
  EPRINT = {2007186},
  EPRINTTYPE = {jstor},
  ISSN = {0003-486X},
  JOURNALTITLE = {Ann. Math.},
  NUMBER = {1},
  PAGES = {81--96},
  TITLE = {The Theory of Linear Dependence},
  URLDATE = {2023-05-31},
  VOLUME = {2},
}

@ARTICLE{Dijkstra_1984,
  AUTHOR = {Dijkstra, J. J.},
  PUBLISHER = {American Mathematical Society},
  DATE = {1984},
  DOI = {10/cwp6db},
  EPRINT = {2045286},
  EPRINTTYPE = {jstor},
  ISSN = {0002-9939},
  JOURNALTITLE = {Proc. Am. Math. Soc.},
  NUMBER = {1},
  PAGES = {143--146},
  TITLE = {A Generalization of the {{Sierpiński}} Theorem},
  URLDATE = {2023-07-09},
  VOLUME = {91},
}

@BOOK{KarlinStudden_1966,
  AUTHOR = {Karlin, Samuel and Studden, William},
  PUBLISHER = {Interscience},
  DATE = {1966},
  LANGID = {english},
  SERIES = {Pure and Applied Mathematics},
  SHORTTITLE = {Tchebycheff Systems},
  TITLE = {Tchebycheff Systems: With Applications in Analysis and Statistics},
  VOLUME = {15},
}

@ARTICLE{Krawczyk_1969,
  AUTHOR = {Krawczyk, R.},
  DATE = {1969-09-01},
  DOI = {10/css7z9},
  ISSN = {1436-5057},
  JOURNALTITLE = {Computing},
  LANGID = {ngerman},
  NUMBER = {3},
  PAGES = {187--201},
  TITLE = {Newton-Algorithmen zur Bestimmung von Nullstellen mit Fehlerschranken},
  URLDATE = {2023-07-09},
  VOLUME = {4},
}

@ARTICLE{Peano_1889,
  AUTHOR = {Peano, G.},
  DATE = {1889},
  JOURNALTITLE = {Mathesis},
  LANGID = {french},
  PAGES = {75--76,110--112},
  TITLE = {Sur le déterminant wronskien},
  VOLUME = {9},
}

@BOOK{RahmanSchmeisser_2002,
  AUTHOR = {Rahman, Qazi Ibadur and Schmeisser, Gerhard},
  PUBLISHER = {Oxford University Press},
  DATE = {2002},
  ISBN = {978-0-19-853493-8},
  NUMBER = {26},
  SERIES = {{{LMS}} Monographs},
  TITLE = {Analytic Theory of Polynomials},
}

@INBOOK{Rump_1983,
  AUTHOR = {Rump, Siegfried M.},
  EDITOR = {Kulisch, Ulrich W. and Miranker, Willard L.},
  PUBLISHER = {Academic Press},
  BOOKTITLE = {A {{New Approach}} to {{Scientific Computation}}},
  DATE = {1983},
  DOI = {10/kh8k},
  ISBN = {978-0-12-428660-3},
  PAGES = {51--120},
  TITLE = {Solving Algebraic Problems with High Accuracy},
}

@ARTICLE{Sierpinski_1918,
  AUTHOR = {Sierpiński, W.},
  DATE = {1918},
  ISSN = {0040-8735},
  JOURNALTITLE = {Tohoku Math. J.},
  LANGID = {french},
  PAGES = {300--303},
  TITLE = {Un théorème sur les continus},
  VOLUME = {13},
}

